@inproceedings{bailishotos,
 author = {Bailis, Peter and Fekete, Alan and Ghodsi, Ali and Hellerstein, Joseph M. and Stoica, Ion},
 title = {{HAT, Not CAP: Towards Highly Available Transactions}},
 booktitle = {Proceedings of the 14th USENIX Conference on Hot Topics in Operating Systems},
 series = {HotOS'13},
 year = {2013},
 location = {Santa Ana Pueblo, New Mexcio},
 pages = {24--24},
 numpages = {1},
 url = {http://dl.acm.org/citation.cfm?id=2490483.2490507},
 acmid = {2490507},
 publisher = {USENIX Association},
 address = {Berkeley, CA, USA},
}
@inproceedings{bailisferal,
 author = {Bailis, Peter and Fekete, Alan and Franklin, Michael J. and Ghodsi, Ali and Hellerstein, Joseph M. and Stoica, Ion},
 title = {{Feral Concurrency Control: An Empirical Investigation of Modern Application Integrity}},
 booktitle = {Proceedings of the 2015 ACM SIGMOD International Conference on Management of Data},
 series = {SIGMOD '15},
 year = {2015},
 isbn = {978-1-4503-2758-9},
 location = {Melbourne, Victoria, Australia},
 pages = {1327--1342},
 numpages = {16},
 url = {http://doi.acm.org/10.1145/2723372.2737784},
 doi = {10.1145/2723372.2737784},
 acmid = {2737784},
 publisher = {ACM},
 address = {New York, NY, USA},
 keywords = {application integrity, concurrency control, impedance mismatch, invariants, orms, ruby on rails},
}
@inproceedings{acidrain,
 author = {Warszawski, Todd and Bailis, Peter},
 title = {{ACIDRain: Concurrency-Related Attacks on Database-Backed Web Applications}},
 booktitle = {Proceedings of the 2017 ACM International Conference on Management of Data},
 series = {SIGMOD '17},
 year = {2017},
 isbn = {978-1-4503-4197-4},
 location = {Chicago, Illinois, USA},
 pages = {5--20},
 numpages = {16},
 url = {http://doi.acm.org/10.1145/3035918.3064037},
 doi = {10.1145/3035918.3064037},
 acmid = {3064037},
 publisher = {ACM},
 address = {New York, NY, USA},
}
@inproceedings{burckhardt14,
	author = {Burckhardt, Sebastian and Gotsman, Alexey and Yang, Hongseok and Zawirski, Marek},
	title = {{Replicated Data Types: Specification, Verification, Optimality}},
	booktitle = {{Proceedings of the 41st ACM SIGPLAN-SIGACT Symposium on Principles of Programming Languages}},
	series = {POPL '14},
	year = {2014},
	isbn = {978-1-4503-2544-8},
	location = {San Diego, California, USA},
	pages = {271--284},
	numpages = {14},
	doi = {10.1145/2535838.2535848},
	acmid = {2535848},
	publisher = {ACM},
	address = {New York, NY, USA},
	keywords = {eventual consistency, replication, weak memory},
}

@inproceedings{icfp14,
 author = {Kaki, Gowtham and Jagannathan, Suresh},
 title = {{A Relational Framework for Higher-order Shape Analysis}},
 booktitle = {Proceedings of the 19th ACM SIGPLAN International Conference on Functional Programming},
 series = {ICFP '14},
 year = {2014},
 isbn = {978-1-4503-2873-9},
 location = {Gothenburg, Sweden},
 pages = {311--324},
 numpages = {14},
 url = {http://doi.acm.org/10.1145/2628136.2628159},
 doi = {10.1145/2628136.2628159},
 acmid = {2628159},
 publisher = {ACM},
 address = {New York, NY, USA},
 keywords = {decidability, dependent types, inductive relations, parametric relations, relational specifications, standard ml},
}
@inproceedings{pldi15,
 author = {Sivaramakrishnan, KC and Kaki, Gowtham and Jagannathan, Suresh},
 title = {{Declarative Programming over Eventually Consistent Data Stores}},
 booktitle = {Proceedings of the 36th ACM SIGPLAN Conference on Programming Language Design and Implementation},
 series = {PLDI 2015},
 year = {2015},
 isbn = {978-1-4503-3468-6},
 location = {Portland, OR, USA},
 pages = {413--424},
 numpages = {12},
 url = {http://doi.acm.org/10.1145/2737924.2737981},
 doi = {10.1145/2737924.2737981},
 acmid = {2737981},
 publisher = {ACM},
 address = {New York, NY, USA},
 keywords = {Availability, Axiomatic Contracts, CRDTs, Cassandra, Contract Classification, Decidable Logic, Distributed Transactions, Eventual Consistency, Haskell, Quelea, SMT solvers},
}
@inproceedings{hezhuicfp,
 author = {Zhu, He and Nori, Aditya V. and Jagannathan, Suresh},
 title = {Learning Refinement Types},
 booktitle = {Proceedings of the 20th ACM SIGPLAN International Conference on Functional Programming},
 series = {ICFP 2015},
 year = {2015},
 isbn = {978-1-4503-3669-7},
 location = {Vancouver, BC, Canada},
 pages = {400--411},
 numpages = {12},
 url = {http://doi.acm.org/10.1145/2784731.2784766},
 doi = {10.1145/2784731.2784766},
 acmid = {2784766},
 publisher = {ACM},
 address = {New York, NY, USA},
 keywords = {Higher-Order Verification, Learning, Refinement Types, Testing},
} 
@inproceedings{hezhupldi,
 author = {Zhu, He and Petri, Gustavo and Jagannathan, Suresh},
 title = {Automatically Learning Shape Specifications},
 booktitle = {Proceedings of the 37th ACM SIGPLAN Conference on Programming Language Design and Implementation},
 series = {PLDI '16},
 year = {2016},
 isbn = {978-1-4503-4261-2},
 location = {Santa Barbara, CA, USA},
 pages = {491--507},
 numpages = {17},
 url = {http://doi.acm.org/10.1145/2908080.2908125},
 doi = {10.1145/2908080.2908125},
 acmid = {2908125},
 publisher = {ACM},
 address = {New York, NY, USA},
 keywords = {Data Structure Verification, Learning, Refinement Types, Shape Analysis, Testing},
}
@article{popl18,
 author = {Kaki, Gowtham and Nagar, Kartik and Najafzadeh, Mahsa and Jagannathan, Suresh},
 title = {Alone Together: Compositional Reasoning and Inference for Weak Isolation},
 journal = {Proc. ACM Program. Lang.},
 issue_date = {January 2018},
 volume = {2},
 number = {POPL},
 month = dec,
 year = {2017},
 issn = {2475-1421},
 pages = {27:1--27:34},
 articleno = {27},
 numpages = {34},
 url = {http://doi.acm.org/10.1145/3158115},
 doi = {10.1145/3158115},
 acmid = {3158115},
 publisher = {ACM},
 address = {New York, NY, USA},
 keywords = {Concurrency, Rely-Guarantee, Transactions, Verification, Weak Isolation},
}
@article{oopsla18,
 author = {Kaki, Gowtham and Earanky, Kapil and Sivaramakrishnan, KC and Jagannathan, Suresh},
 title = {Safe Replication Through Bounded Concurrency Verification},
 journal = {Proc. ACM Program. Lang.},
 issue_date = {November 2018},
 volume = {2},
 number = {OOPSLA},
 month = oct,
 year = {2018},
 issn = {2475-1421},
 pages = {164:1--164:27},
 articleno = {164},
 numpages = {27},
 url = {http://doi.acm.org/10.1145/3276534},
 doi = {10.1145/3276534},
 acmid = {3276534},
 publisher = {ACM},
 address = {New York, NY, USA},
 keywords = {CRDTs, Concurrency, Model Checking, Replication, Weak Consistency},
} 
@article{oopsla19,
 author = {Kaki, Gowtham and Priya, Swarn and Sivaramakrishnan, KC and Jagannathan, Suresh},
 title = {Mergeable Replicated Data Types},
 journal = {Proc. ACM Program. Lang.},
 issue_date = {October 2019},
 number = {OOPSLA},
 month = oct,
 year = {2019},
}
@InProceedings{snapl19,
  author =	{Gowtham Kaki and KC Sivaramakrishnan and Suresh Jagannathan},
  title =	{{Version Control Is for Your Data Too}},
  booktitle =	{3rd Summit on Advances in Programming Languages (SNAPL 2019)},
  pages =	{8:1--8:18},
  series =	{Leibniz International Proceedings in Informatics (LIPIcs)},
  ISBN =	{978-3-95977-113-9},
  ISSN =	{1868-8969},
  year =	{2019},
  volume =	{136},
  editor =	{Benjamin S. Lerner and Rastislav Bod{\'i}k and Shriram Krishnamurthi},
  publisher =	{Schloss Dagstuhl--Leibniz-Zentrum fuer Informatik},
  address =	{Dagstuhl, Germany},
  URL =		{http://drops.dagstuhl.de/opus/volltexte/2019/10551},
  URN =		{urn:nbn:de:0030-drops-105516},
  doi =		{10.4230/LIPIcs.SNAPL.2019.8},
  annote =	{Keywords: replication, distributed systems, version control}
}
@article{msrtr,
author = {Kaki, Gowtham and Ramalingam, G. and Vaswani, Kapil and Vytiniotis, Dimitrios},
title = {Safe Memory Regions for Big Data Processing},
booktitle = {},
year = {2016},
month = {January},
publisher = {},
url = {https://www.microsoft.com/en-us/research/publication/safe-memory-regions-big-data-processing/},
}
@book{ullmanbook,
 author = {Garcia-Molina, Hector and Ullman, Jeffrey D. and Widom, Jennifer},
 title = {Database Systems: The Complete Book},
 year = {2008},
 isbn = {9780131873254},
 edition = {2},
 publisher = {Prentice Hall Press},
 address = {Upper Saddle River, NJ, USA},
} 
@article{meijer2012,
 author = {Meijer, Erik},
 title = {All Your Database Are Belong to Us},
 journal = {Queue},
 issue_date = {07-01-2012},
 volume = {10},
 number = {7},
 month = jul,
 year = {2012},
 issn = {1542-7730},
 pages = {40:40--40:49},
 articleno = {40},
 numpages = {10},
 url = {http://doi.acm.org/10.1145/2330087.2338507},
 doi = {10.1145/2330087.2338507},
 acmid = {2338507},
 publisher = {ACM},
 address = {New York, NY, USA},
}
@article{cap2002,
	author = {Gilbert, Seth and Lynch, Nancy},
	title = {{Brewer's Conjecture and the Feasibility of Consistent, Available, Partition-tolerant Web Services}},
	journal = {SIGACT News},
	issue_date = {June 2002},
	volume = {33},
	number = {2},
	month = jun,
	year = {2002},
	issn = {0163-5700},
	pages = {51--59},
	numpages = {9},
	doi = {10.1145/564585.564601},
	acmid = {564601},
	publisher = {ACM},
	address = {New York, NY, USA},
}
@article{zoo,
  author    = {Paolo Viotti and
               Marko Vukolic},
  title     = {{Consistency in Non-Transactional Distributed Storage Systems}},
  journal   = {CoRR},
  volume    = {abs/1512.00168},
  year      = {2015},
  url       = {http://arxiv.org/abs/1512.00168},
  timestamp = {Sat, 02 Jan 2016 11:38:49 +0100},
  biburl    = {http://dblp.uni-trier.de/rec/bib/journals/corr/ViottiV15},
  bibsource = {dblp computer science bibliography, http://dblp.org}
}
@article{compcerttso,
 author = {\v{S}ev\v{c}\'{\i}k, Jaroslav and Vafeiadis, Viktor and Zappa Nardelli, Francesco and Jagannathan, Suresh and Sewell, Peter},
 title = {CompCertTSO: A Verified Compiler for Relaxed-Memory Concurrency},
 journal = {J. ACM},
 issue_date = {June 2013},
 volume = {60},
 number = {3},
 month = jun,
 year = {2013},
 issn = {0004-5411},
 pages = {22:1--22:50},
 articleno = {22},
 numpages = {50},
 url = {http://doi.acm.org/10.1145/2487241.2487248},
 doi = {10.1145/2487241.2487248},
 acmid = {2487248},
 publisher = {ACM},
 address = {New York, NY, USA},
 keywords = {Relaxed memory models, semantics, verified compilation},
} 
@inproceedings{ironfleet,
 author = {Hawblitzel, Chris and Howell, Jon and Kapritsos, Manos and Lorch, Jacob R. and Parno, Bryan and Roberts, Michael L. and Setty, Srinath and Zill, Brian},
 title = {IronFleet: Proving Practical Distributed Systems Correct},
 booktitle = {Proceedings of the 25th Symposium on Operating Systems Principles},
 series = {SOSP '15},
 year = {2015},
 isbn = {978-1-4503-3834-9},
 location = {Monterey, California},
 pages = {1--17},
 numpages = {17},
 url = {http://doi.acm.org/10.1145/2815400.2815428},
 doi = {10.1145/2815400.2815428},
 acmid = {2815428},
 publisher = {ACM},
 address = {New York, NY, USA},
} 
@article{herdingcats,
 author = {Alglave, Jade and Maranget, Luc and Tautschnig, Michael},
 title = {Herding Cats: Modelling, Simulation, Testing, and Data Mining for Weak Memory},
 journal = {ACM Trans. Program. Lang. Syst.},
 issue_date = {July 2014},
 volume = {36},
 number = {2},
 month = jul,
 year = {2014},
 issn = {0164-0925},
 pages = {7:1--7:74},
 articleno = {7},
 numpages = {74},
 url = {http://doi.acm.org/10.1145/2627752},
 doi = {10.1145/2627752},
 acmid = {2627752},
 publisher = {ACM},
 address = {New York, NY, USA},
 keywords = {Concurrency, software verification, weak memory models},
}
@article{madmax,
 author = {Grech, Neville and Kong, Michael and Jurisevic, Anton and Brent, Lexi and Scholz, Bernhard and Smaragdakis, Yannis},
 title = {MadMax: Surviving Out-of-gas Conditions in Ethereum Smart Contracts},
 journal = {Proc. ACM Program. Lang.},
 issue_date = {November 2018},
 volume = {2},
 number = {OOPSLA},
 month = oct,
 year = {2018},
 issn = {2475-1421},
 pages = {116:1--116:27},
 articleno = {116},
 numpages = {27},
 url = {http://doi.acm.org/10.1145/3276486},
 doi = {10.1145/3276486},
 acmid = {3276486},
 publisher = {ACM},
 address = {New York, NY, USA},
 keywords = {Blockchain, Program Analysis, Security, Smart Contracts},
} 
@InProceedings{ecoop18,
  author =	{Gowtham Kaki and G. Ramalingam},
  title =	{{Safe Transferable Regions}},
  booktitle =	{32nd European Conference on Object-Oriented Programming  (ECOOP 2018)},
  pages =	{11:1--11:31},
  series =	{Leibniz International Proceedings in Informatics (LIPIcs)},
  ISBN =	{978-3-95977-079-8},
  ISSN =	{1868-8969},
  year =	{2018},
  volume =	{109},
  editor =	{Todd Millstein},
  publisher =	{Schloss Dagstuhl--Leibniz-Zentrum fuer Informatik},
  address =	{Dagstuhl, Germany},
  URL =		{http://drops.dagstuhl.de/opus/volltexte/2018/9216},
  URN =		{urn:nbn:de:0030-drops-92160},
  doi =		{10.4230/LIPIcs.ECOOP.2018.11},
  annote =	{Keywords: Memory Safety, Formal Methods, Type System, Type Inference, Regions, Featherweight Java}
}
@phdthesis{thesis,
	author = {Gowtham Kaki},
	title = {Automatic Reasoning Techniques for Non-Serializable Data-Intensive Applications},
	year = {2019},
	month = {8},
	url = {https://hammer.figshare.com/articles/Automatic_Reasoning_Techniques_for_Non-Serializable_Data-Intensive_Applications/8977562},
	doi = {10.25394/PGS.8977562.v1}
}

@misc{daohack,
	title={{Understanding The DAO Attack}},
	url = {https://www.coindesk.com/understanding-dao-hack-journalists},
	year = {2016}
}
@misc{ipfs,
	title={{IPFS is the Distributed Web}},
	url = {https://github.com/ipfs/ipfs},
	year = {2019}
}
@misc{trvedata,
	title={{TRVE Data: Placing a bit less trust in the cloud}},
	url = {https://www.cl.cam.ac.uk/research/dtg/trve},
	year = {2019}
}

@misc{bspwiki,
	title={{Bitcoin scalability problem}},
	url = {https://en.wikipedia.org/wiki/Bitcoin_scalability_problem},
	year = {2019}
}
@misc{pytpcc,
	title={{Python TPC-C}},
	url = {https://github.com/apavlo/py-tpcc},
	year = {2017}
}
@misc{poloniexbug,
	title={{BTC Stolen from Poloniex}},
	url = {https://bitcointalk.org/index.php?topic=499580},
	year = {2014}
}
@misc{fcgrd,
	title={{Bitcoin bank Flexcoin closes after hack attack}},
	url = {https://www.theguardian.com/technology/2014/mar/04/bitcoin-bank-flexcoin-closes-after-hack-attack},
	year = {2014}
}
@misc{fcwayback,
	title={{Flexcoin is shutting down. }},
	url = {https://web.archive.org/web/20160408190656/http://www.flexcoin.com/},
	year = {2014}
}
@misc{bailisblog1,
	title={{When is ``ACID'' ACID?}},
	url = {http://www.bailis.org/blog/when-is-acid-acid-rarely/},
	year = {2013}
}
@misc{bailisblog2,
	title={{Understanding Weak Isolation Is a Serious Problem}},
	url = {http://www.bailis.org/blog/understanding-weak-isolation-is-a-serious-problem},
	year = {2014}
}

@misc{tripwire,
	title={{Gift Card Fraud: How It's Committed and Why It's So Lucrative}},
	url = {https://www.tripwire.com/state-of-security/risk-based-security-for-executives/risk-management/gift-card-fraud-how-its-committed-and-why-its-so-lucrative/},
	year = {2015}
}
@misc{hackaday,
	title={{Race conditions exploit granted free money on web services. }},
	url = {https://hackaday.com/2015/04/29/race-conditions-exploit-granted-free-money-on-web-services/},
	year = {2015}
}
@misc{shopify,
	title={{Shopify Cart does not update Shipping Costs in Checkout when Quantities in Cart change}},
	url = {https://ecommerce.shopify.com/c/ecommerce-discussion/t/shopify-cart-does-not-update-shipping-costs-in-checkout-when-quantities-in-cart-change-294832},
	year = {2015}
}
@misc{jepsen,
	title={{Jepsen:Cassandra}},
	url = {https://aphyr.com/posts/294-call-me-maybe-cassandra},
	year = {2013}
}
@misc{kiablog,
	title={{A Case Study: Python TPC-C Benchmark}},
	url = {https://kiarahmani.github.io/2017/07/28/NoSQL3/},
	year = {2017}
}
@misc{fcgizmodo,
	title={{Bitcoin Bank Flexcoin Shuts Down After \$620,000 Heist}},
	url = {https://gizmodo.com/bitcoin-bank-flexcoin-shuts-down-after-620-000-heist-1535960407},
	year = {2014}
}

