@inproceedings{bailishotos,
 author = {Bailis, Peter and Fekete, Alan and Ghodsi, Ali and Hellerstein, Joseph M. and Stoica, Ion},
 title = {{HAT, Not CAP: Towards Highly Available Transactions}},
 booktitle = {Proceedings of the 14th USENIX Conference on Hot Topics in Operating Systems},
 series = {HotOS'13},
 year = {2013},
 location = {Santa Ana Pueblo, New Mexcio},
 pages = {24--24},
 numpages = {1},
 url = {http://dl.acm.org/citation.cfm?id=2490483.2490507},
 acmid = {2490507},
 publisher = {USENIX Association},
 address = {Berkeley, CA, USA},
}
@inproceedings{bailisferal,
 author = {Bailis, Peter and Fekete, Alan and Franklin, Michael J. and Ghodsi, Ali and Hellerstein, Joseph M. and Stoica, Ion},
 title = {{Feral Concurrency Control: An Empirical Investigation of Modern Application Integrity}},
 booktitle = {Proceedings of the 2015 ACM SIGMOD International Conference on Management of Data},
 series = {SIGMOD '15},
 year = {2015},
 isbn = {978-1-4503-2758-9},
 location = {Melbourne, Victoria, Australia},
 pages = {1327--1342},
 numpages = {16},
 url = {http://doi.acm.org/10.1145/2723372.2737784},
 doi = {10.1145/2723372.2737784},
 acmid = {2737784},
 publisher = {ACM},
 address = {New York, NY, USA},
 keywords = {application integrity, concurrency control, impedance mismatch, invariants, orms, ruby on rails},
}
@inproceedings{acidrain,
 author = {Warszawski, Todd and Bailis, Peter},
 title = {{ACIDRain: Concurrency-Related Attacks on Database-Backed Web Applications}},
 booktitle = {Proceedings of the 2017 ACM International Conference on Management of Data},
 series = {SIGMOD '17},
 year = {2017},
 isbn = {978-1-4503-4197-4},
 location = {Chicago, Illinois, USA},
 pages = {5--20},
 numpages = {16},
 url = {http://doi.acm.org/10.1145/3035918.3064037},
 doi = {10.1145/3035918.3064037},
 acmid = {3064037},
 publisher = {ACM},
 address = {New York, NY, USA},
}
@inproceedings{icfp14,
 author = {Kaki, Gowtham and Jagannathan, Suresh},
 title = {{A Relational Framework for Higher-order Shape Analysis}},
 booktitle = {Proceedings of the 19th ACM SIGPLAN International Conference on Functional Programming},
 series = {ICFP '14},
 year = {2014},
 isbn = {978-1-4503-2873-9},
 location = {Gothenburg, Sweden},
 pages = {311--324},
 numpages = {14},
 url = {http://doi.acm.org/10.1145/2628136.2628159},
 doi = {10.1145/2628136.2628159},
 acmid = {2628159},
 publisher = {ACM},
 address = {New York, NY, USA},
 keywords = {decidability, dependent types, inductive relations, parametric relations, relational specifications, standard ml},
}
@inproceedings{pldi15,
 author = {Sivaramakrishnan, KC and Kaki, Gowtham and Jagannathan, Suresh},
 title = {{Declarative Programming over Eventually Consistent Data Stores}},
 booktitle = {Proceedings of the 36th ACM SIGPLAN Conference on Programming Language Design and Implementation},
 series = {PLDI 2015},
 year = {2015},
 isbn = {978-1-4503-3468-6},
 location = {Portland, OR, USA},
 pages = {413--424},
 numpages = {12},
 url = {http://doi.acm.org/10.1145/2737924.2737981},
 doi = {10.1145/2737924.2737981},
 acmid = {2737981},
 publisher = {ACM},
 address = {New York, NY, USA},
 keywords = {Availability, Axiomatic Contracts, CRDTs, Cassandra, Contract Classification, Decidable Logic, Distributed Transactions, Eventual Consistency, Haskell, Quelea, SMT solvers},
}
@inproceedings{hezhuicfp,
 author = {Zhu, He and Nori, Aditya V. and Jagannathan, Suresh},
 title = {Learning Refinement Types},
 booktitle = {Proceedings of the 20th ACM SIGPLAN International Conference on Functional Programming},
 series = {ICFP 2015},
 year = {2015},
 isbn = {978-1-4503-3669-7},
 location = {Vancouver, BC, Canada},
 pages = {400--411},
 numpages = {12},
 url = {http://doi.acm.org/10.1145/2784731.2784766},
 doi = {10.1145/2784731.2784766},
 acmid = {2784766},
 publisher = {ACM},
 address = {New York, NY, USA},
 keywords = {Higher-Order Verification, Learning, Refinement Types, Testing},
} 
@inproceedings{hezhupldi,
 author = {Zhu, He and Petri, Gustavo and Jagannathan, Suresh},
 title = {Automatically Learning Shape Specifications},
 booktitle = {Proceedings of the 37th ACM SIGPLAN Conference on Programming Language Design and Implementation},
 series = {PLDI '16},
 year = {2016},
 isbn = {978-1-4503-4261-2},
 location = {Santa Barbara, CA, USA},
 pages = {491--507},
 numpages = {17},
 url = {http://doi.acm.org/10.1145/2908080.2908125},
 doi = {10.1145/2908080.2908125},
 acmid = {2908125},
 publisher = {ACM},
 address = {New York, NY, USA},
 keywords = {Data Structure Verification, Learning, Refinement Types, Shape Analysis, Testing},
}
@article{msrtr,
author = {Kaki, Gowtham and Ramalingam, G. and Vaswani, Kapil and Vytiniotis, Dimitrios},
title = {Safe Memory Regions for Big Data Processing},
booktitle = {},
year = {2016},
month = {January},
publisher = {},
url = {https://www.microsoft.com/en-us/research/publication/safe-memory-regions-big-data-processing/},
}
@misc{pytpcc,
	title={{Python TPC-C}},
	url = {https://github.com/apavlo/py-tpcc},
	year = {2017}
}
@misc{poloniexbug,
	title={{BTC Stolen from Poloniex}},
	url = {https://bitcointalk.org/index.php?topic=499580},
	year = {2014}
}
@misc{fcgrd,
	title={{Bitcoin bank Flexcoin closes after hack attack}},
	url = {https://www.theguardian.com/technology/2014/mar/04/bitcoin-bank-flexcoin-closes-after-hack-attack},
	year = {2014}
}
@misc{fcwayback,
	title={{Flexcoin is shutting down. }},
	url = {https://web.archive.org/web/20160408190656/http://www.flexcoin.com/},
	year = {2014}
}
@misc{bailisblog,
	title={{When is ``ACID'' ACID? Rarely.}},
	url = {http://www.bailis.org/blog/when-is-acid-acid-rarely/},
	year = {2013}
}
@misc{tripwire,
	title={{Gift Card Fraud: How It's Committed and Why It's So Lucrative}},
	url = {https://www.tripwire.com/state-of-security/risk-based-security-for-executives/risk-management/gift-card-fraud-how-its-committed-and-why-its-so-lucrative/},
	year = {2015}
}
@misc{hackaday,
	title={{Race conditions exploit granted free money on web services. }},
	url = {https://hackaday.com/2015/04/29/race-conditions-exploit-granted-free-money-on-web-services/},
	year = {2015}
}
@misc{shopify,
	title={{Shopify Cart does not update Shipping Costs in Checkout when Quantities in Cart change}},
	url = {https://ecommerce.shopify.com/c/ecommerce-discussion/t/shopify-cart-does-not-update-shipping-costs-in-checkout-when-quantities-in-cart-change-294832},
	year = {2015}
}
@misc{jepsen,
	title={{Jepsen:Cassandra}},
	url = {https://aphyr.com/posts/294-call-me-maybe-cassandra},
	year = {2013}
}
@misc{kiablog,
	title={{A Case Study: Python TPC-C Benchmark}},
	url = {https://kiarahmani.github.io/2017/07/28/NoSQL3/},
	year = {2017}
}
@misc{fcgizmodo,
	title={{Bitcoin Bank Flexcoin Shuts Down After \$620,000 Heist}},
	url = {https://gizmodo.com/bitcoin-bank-flexcoin-shuts-down-after-620-000-heist-1535960407},
	year = {2014}
}
