@misc{lietokids,
	title={{Lie-to-Children}},
	url = {https://en.wikipedia.org/wiki/Lie-to-children},
	year = {2019}
}
@misc{ladder,
	title={{Wittgenstein's Ladder}},
	url = {https://en.wikipedia.org/wiki/Wittgenstein%27s_ladder},
	year = {2019}
}
@misc{ttt,
	title={{Teaching Tech Together}},
  note={{How to create and deliver lessons that work
    and build a teaching community around them}},
	url = {http://teachtogether.tech/#the-rules},
	year = {2019}
}
@article{MA07,
  author = { Matthew S.   McGlone  and  Joshua   Aronson },
  title = {Forewarning and Forearming Stereotype-Threatened Students},
  journal = {Communication Education},
  volume = {56},
  number = {2},
  pages = {119-133},
  year  = {2007},
  publisher = {Routledge},
  doi = {10.1080/03634520601158681},

  URL = { 
          https://doi.org/10.1080/03634520601158681
      
  },
  eprint = { 
          https://doi.org/10.1080/03634520601158681
      
  }
}
@unpublished{SG11,
  author = {Steve Stroessner and Catherine Good},
  title={Stereotype Threat: An Overview},
  url={https://diversity.arizona.edu/sites/default/files/stereotype_threat_overview.pdf},
  year={2011},
}
@inproceedings{BGJ02,
 author = {Barker, Lecia Jane and Garvin-Doxas, Kathy and Jackson, Michele},
 title = {Defensive Climate in the Computer Science Classroom},
 booktitle = {Proceedings of the 33rd SIGCSE Technical Symposium on Computer Science Education},
 series = {SIGCSE '02},
 year = {2002},
 isbn = {1-58113-473-8},
 location = {Cincinnati, Kentucky},
 pages = {43--47},
 numpages = {5},
 url = {http://doi.acm.org/10.1145/563340.563354},
 doi = {10.1145/563340.563354},
 acmid = {563354},
 publisher = {ACM},
 address = {New York, NY, USA},
} 
@misc{purpl,
	title={{Purdue University Programming Languages Group}},
	url = {https://purduepl.github.io},
	year = {2019}
}
@inproceedings{acidrain,
 author = {Warszawski, Todd and Bailis, Peter},
 title = {{ACIDRain: Concurrency-Related Attacks on Database-Backed Web Applications}},
 series = {SIGMOD '17},
 year = {2017},
}
